<record><leader>00000cas a22000007a 4500</leader><controlfield tag="001">1769627</controlfield><controlfield tag="008">751101d18932003mnuwr ne      0    0eng d</controlfield><datafield ind1=" " ind2=" " tag="010"><subfield code="a">sn 89064657 </subfield></datafield><datafield ind1=" " ind2=" " tag="040"><subfield code="a">MUL</subfield><subfield code="b">eng</subfield><subfield code="c">MUL</subfield><subfield code="d">MN#</subfield><subfield code="d">DLC</subfield><subfield code="d">OCLCQ</subfield><subfield code="d">OCLCF</subfield><subfield code="d">OCLCO</subfield></datafield><datafield ind1="1" ind2=" " tag="029"><subfield code="a">AU@</subfield><subfield code="b">000020594924</subfield></datafield><datafield ind1=" " ind2=" " tag="042"><subfield code="a">msc</subfield></datafield><datafield ind1=" " ind2=" " tag="043"><subfield code="a">n-us-mn</subfield></datafield><datafield ind1=" " ind2=" " tag="052"><subfield code="a">4144</subfield><subfield code="b">W39</subfield></datafield><datafield ind1=" " ind2=" " tag="052"><subfield code="a">4143</subfield><subfield code="b">D5</subfield></datafield><datafield ind1="0" ind2="0" tag="245"><subfield code="a">West Concord enterprise.</subfield></datafield><datafield ind1=" " ind2=" " tag="260"><subfield code="a">West Concord, Minn. :</subfield><subfield code="b">F.W. Hall</subfield></datafield><datafield ind1=" " ind2=" " tag="300"><subfield code="a">v.</subfield></datafield><datafield ind1=" " ind2=" " tag="310"><subfield code="a">Weekly</subfield></datafield><datafield ind1="1" ind2=" " tag="362"><subfield code="a">Began in Oct. 1893.</subfield></datafield><datafield ind1="0" ind2=" " tag="362"><subfield code="a">-v. 108, no. 75 (Mar. 19, 2003).</subfield></datafield><datafield ind1=" " ind2=" " tag="530"><subfield code="a">Available on microfilm from the Minnesota Historical Society.</subfield></datafield><datafield ind1=" " ind2=" " tag="580"><subfield code="a">Merged with: Claremont news, to form: Claremont news-West Concord enterprise.</subfield></datafield><datafield ind1=" " ind2=" " tag="588"><subfield code="a">Description based on: Vol. 4, no. 31 (Apr. 29, 1897).</subfield></datafield><datafield ind1=" " ind2="0" tag="651"><subfield code="a">West Concord (Minn.)</subfield><subfield code="v">Newspapers.</subfield></datafield><datafield ind1=" " ind2="7" tag="655"><subfield code="a">Newspapers.</subfield><subfield code="2">fast</subfield><subfield code="0">(OCoLC)fst01423814</subfield></datafield><datafield ind1=" " ind2="7" tag="651"><subfield code="a">Minnesota</subfield><subfield code="z">West Concord.</subfield><subfield code="2">fast</subfield><subfield code="0">(OCoLC)fst01254624</subfield></datafield><datafield ind1=" " ind2=" " tag="752"><subfield code="a">United States</subfield><subfield code="b">Minnesota</subfield><subfield code="c">Dodge</subfield><subfield code="d">West Concord.</subfield></datafield><datafield ind1="1" ind2="7" tag="785"><subfield code="t">Claremont news</subfield><subfield code="w">(OCoLC)1554820</subfield></datafield><datafield ind1="1" ind2="7" tag="785"><subfield code="t">Claremont news-West Concord enterprise</subfield><subfield code="w">(OCoLC)51956429</subfield></datafield></record>